<?xml version="1.0" encoding="UTF-8"?><collection xmlns="http://www.loc.gov/MARC21/slim"><record><leader>00312nam--2200121-i-4500</leader><controlfield tag="001">000039242</controlfield><controlfield tag="002">20161230</controlfield><controlfield tag="005">20161230201042</controlfield><controlfield tag="008">060222s1000------------r-----000-0-eng-d</controlfield><datafield ind1=" " ind2=" " tag="020"><subfield code="a">TECHNICAL SERIES PM-81</subfield></datafield><datafield ind1=" " ind2=" " tag="245"><subfield code="a">Rca high-speed</subfield></datafield><datafield ind1=" " ind2=" " tag="260"><subfield code="a">High-voltage</subfield></datafield><datafield ind1=" " ind2=" " tag="490"><subfield code="a">Somerville, Rca Solid State Division, 1971. 96p</subfield></datafield></record></collection>